% BibTeX database for the MSc_Thesis.tex

%%%%%%%%%%%%%%%%%%%%%%%%%%%%%%%%%%%%%%%%%%%%%%%%%%%%%%%%%%
% References
%%%%%%%%%%%%%%%%%%%%%%%%%%%%%%%%%%%%%%%%%%%%%%%%%%%%%%%%%%

@misc{A_hyperboloidal_method_for_numerical_simulations_of_multidimensional_nonlinear_wave_equations,
      title={A hyperboloidal method for numerical simulations of multidimensional nonlinear wave equations}, 
      author={Oliver Rinne},
      year={2025},
      eprint={2507.00674},
      archivePrefix={arXiv},
      primaryClass={math.NA},
      url={https://arxiv.org/abs/2507.00674}, 
}

@article{A_new_generalized_harmonic_evolution_system,
   title={A new generalized harmonic evolution system},
   volume={23},
   ISSN={1361-6382},
   url={http://dx.doi.org/10.1088/0264-9381/23/16/S09},
   DOI={10.1088/0264-9381/23/16/s09},
   number={16},
   journal={Classical and Quantum Gravity},
   publisher={IOP Publishing},
   author={Lindblom, Lee and Scheel, Mark A and Kidder, Lawrence E and Owen, Robert and Rinne, Oliver},
   year={2006},
   month=jul, pages={S447-S462} }

   @article{Pseudospectral_method_for_gravitational_wave_collapse,
   title={Pseudospectral method for gravitational wave collapse},
   volume={93},
   ISSN={2470-0029},
   url={http://dx.doi.org/10.1103/PhysRevD.93.063006},
   DOI={10.1103/physrevd.93.063006},
   number={6},
   journal={Physical Review D},
   publisher={American Physical Society (APS)},
   author={Hilditch, David and Weyhausen, Andreas and Brügmann, Bernd},
   year={2016},
   month=mar }

@article{Adaptive_hp_refinement_for_spectral_elements_in_numerical_relativity,
   title={Adaptive hp refinement for spectral elements in numerical relativity},
   volume={107},
   ISSN={2470-0029},
   url={http://dx.doi.org/10.1103/PhysRevD.107.104043},
   DOI={10.1103/physrevd.107.104043},
   number={10},
   journal={Physical Review D},
   publisher={American Physical Society (APS)},
   author={Renkhoff, Sarah and Cors, Daniela and Hilditch, David and Brügmann, Bernd},
   year={2023},
   month=may }

@article{AN_INTRODUCTION_TO_WELLPOSEDNESS_AND_FREEEVOLUTION,
   title={AN INTRODUCTION TO WELL-POSEDNESS AND FREE-EVOLUTION},
   volume={28},
   ISSN={1793-656X},
   url={http://dx.doi.org/10.1142/S0217751X13400150},
   DOI={10.1142/s0217751x13400150},
   number={22n23},
   journal={International Journal of Modern Physics A},
   publisher={World Scientific Pub Co Pte Lt},
   author={HILDITCH, DAVID},
   year={2013},
   month=sep, pages={1340015} }

@misc{Dual_Foliation_Formulations_of_General_Relativity,
   title={Dual Foliation Formulations of General Relativity}, 
   author={David Hilditch},
   year={2015},
   eprint={1509.02071},
   archivePrefix={arXiv},
   primaryClass={gr-qc},
   url={https://arxiv.org/abs/1509.02071}, 
}

@article{Hyperboloidal_layers_for_hyperbolic_equations_on_unbounded_domains,
   title={Hyperboloidal layers for hyperbolic equations on unbounded domains},
   volume={230},
   ISSN={0021-9991},
   url={http://dx.doi.org/10.1016/j.jcp.2010.12.016},
   DOI={10.1016/j.jcp.2010.12.016},
   number={6},
   journal={Journal of Computational Physics},
   publisher={Elsevier BV},
   author={Zenginoğlu, Anil},
   year={2011},
   month=mar, pages={2286-2302} }

   @book{Introduction_to_3+1_numerical_relativity,
      author        = "Alcubierre, Miguel",
      title         = "{Introduction to 3+1 numerical relativity}",
      publisher     = "Oxford Univ. Press",
      address       = "Oxford",
      series        = "International series of monographs on physics",
      year          = "2008",
      url           = "https://cds.cern.ch/record/1138167",
      doi           = "10.1093/acprof:oso/9780199205677.001.0001",
}

@article{Nondispersive_decay_for_the_cubic_wave_equation,
   title={Nondispersive decay for the cubic wave equation},
   volume={7},
   ISSN={2157-5045},
   url={http://dx.doi.org/10.2140/apde.2014.7.461},
   DOI={10.2140/apde.2014.7.461},
   number={2},
   journal={Analysis &amp; PDE},
   publisher={Mathematical Sciences Publishers},
   author={Donninger, Roland and Zenginoğlu, Anil},
   year={2014},
   month=may, pages={461-495} }

@article{Spectral_methods_for_the_wave_equation_in_second-order_form,
   title={Spectral methods for the wave equation in second-order form},
   volume={82},
   ISSN={1550-2368},
   url={http://dx.doi.org/10.1103/PhysRevD.82.024037},
   DOI={10.1103/physrevd.82.024037},
   number={2},
   journal={Physical Review D},
   publisher={American Physical Society (APS)},
   author={Taylor, Nicholas W. and Kidder, Lawrence E. and Teukolsky, Saul A.},
   year={2010},
   month=jul }

@misc{The_evolution_of_hyperboloidal_data_with_the_dual_foliation_formalism_Mathematical_analysis_and_wave_equation_tests,
      title={The evolution of hyperboloidal data with the dual foliation formalism: Mathematical analysis and wave equation tests}, 
      author={David Hilditch and Enno Harms and Marcus Bugner and Hannes Rueter and Bernd Bruegmann},
      year={2016},
      eprint={1609.08949},
      archivePrefix={arXiv},
      primaryClass={gr-qc},
      url={https://arxiv.org/abs/1609.08949}, 
}

@article{Universality_of_global_dynamics_for_the_cubic_wave_equation,
   title={Universality of global dynamics for the cubic wave equation},
   volume={22},
   ISSN={1361-6544},
   url={http://dx.doi.org/10.1088/0951-7715/22/10/009},
   DOI={10.1088/0951-7715/22/10/009},
   number={10},
   journal={Nonlinearity},
   publisher={IOP Publishing},
   author={Bizoń, Piotr and Zenginoğlu, Anil},
   year={2009},
   month=sep, pages={2473-2485} }

@misc{3+1_Formalism_and_Bases_of_Numerical_Relativity,
   title={3+1 Formalism and Bases of Numerical Relativity}, 
   author={Eric Gourgoulhon},
   year={2007},
   eprint={gr-qc/0703035},
   archivePrefix={arXiv},
   primaryClass={gr-qc},
   url={https://arxiv.org/abs/gr-qc/0703035}, 
}

@book{Numerical_Relativity_Starting_from_Scratch, 
   place={Cambridge}, 
   title={Numerical Relativity: Starting from Scratch}, 
   publisher={Cambridge University Press}, 
   author={Baumgarte, Thomas W. and Shapiro, Stuart L.}, 
   year={2021}}

@book{Numerical_Relativity_Solving_Einsteins_Equations_on_the_Computer,
    author = "Baumgarte, Thomas W. and Shapiro, Stuart L.",
    title = "{Numerical Relativity: Solving Einstein's Equations on the Computer}",
    doi = "10.1017/CBO9781139193344",
    publisher = "Cambridge University Press",
    year = "2010"
}

@book{wald:1984,
  added-at = {2010-07-23T07:14:55.000+0200},
  author = {Wald, Robert M.},
  biburl = {https://www.bibsonomy.org/bibtex/2ea71d94b582f28dd0f474fc7a32db6e8/richterek},
  interhash = {c63a667f3a64a36e27441046294254bf},
  intrahash = {ea71d94b582f28dd0f474fc7a32db6e8},
  keywords = {general\_relativity},
  mendeley-tags = {general\_relativity},
  publisher = {The University od Chicago Press},
  timestamp = {2010-07-23T07:15:06.000+0200},
  title = {{General Relativity}},
  type = {Book},
  year = 1984
}